@inproceedings{Paper:Spectre,
    Author = {Paul Kocher and Daniel Genkin and Daniel Gruss and Werner Haas and Mike Hamburg and Moritz Lipp and Stefan Mangard and Thomas Prescher and Michael Schwarz and Yuval Yarom},
    Title = {Spectre Attacks: Exploiting Speculative Execution},
    booktitle = {40th IEEE Symp. Security Privacy},
    year = {2019},
    Eprint = {1801.01203},
    Eprinttype = {arXiv},
}

@inproceedings{Paper:Meltdown,
    title = {Meltdown: Reading Kernel Memory from User Space},
    booktitle = {27th {USENIX} Security Symp.},
    Author = {Moritz Lipp and Michael Schwarz and Daniel Gruss and Thomas Prescher and Werner Haas and Stefan Mangard and Paul Kocher and Daniel Genkin and Yuval Yarom and Mike Hamburg},
    Title = {Meltdown},
    Year = {2018},
    Eprint = {1801.01207},
    Eprinttype = {arXiv},
    chapter = "1"
}

@inproceedings{Paper:SPOILER,
title = {{SPOILER:} Speculative Load Hazards Boost Rowhammer and Cache Attacks},
author= {Saad Islam and Ahmad Moghimi and Ida Bruhns and Moritz Krebbel and Berk G{\"{u}}lmezoglu and Thomas Eisenbarth and Berk Sunar},
year= {2019},
Eprinttype = {arXiv},
eprint= {1903.00446},
}

@online{Intel:ReleaseChronology,
    author = {{Intel Corporation}},
    title = {{Intel {\textregistered} Microprocessor Quick Reference Guide - Year}},
    month = {12},
    year= {2008},
    url = {https://www.intel.com/pressroom/kits/quickrefyr.htm},
    pages = {1}
}

@patent{Patents:OutOfOrder,
    author = {Archie E. Lahti},
    title = {Apparatus for out-of-order program execution},
    number = {4722049},
    type = {patentus},
    date = {1988-01-26},
    Chapter = {Background},

}

@manual{Intel:Pentium,
    organization = {Intel Corporation},
    title = {Pentium{\texttrademark} Datasheet},
    number = {241595-002},
    year = {1994},
    month = {11},
    note = {Preliminary Revision},
    pages = {3},
}

@online{Heise:SpectreNG,
author = {Schmidt, J{\"{u}}rgen},
booktitle = {c't Magazin},
month = {may},
pages = {1},
title = {{Exclusive: Spectre-NG - Multiple new Intel CPU flaws revealed, several serious}},
url = {https://www.heise.de/ct/artikel/Exclusive-Spectre-NG-Multiple-new-Intel-CPU-flaws-revealed-several-serious-4040648.html},
year = {2018},
}
@inproceedings{Paper:DAWG,
author={V. {Kiriansky} and I. {Lebedev} and S. {Amarasinghe} and S. {Devadas} and J. {Emer}},
booktitle={2018 51st Annu. IEEE/ACM Int. Symp. Microarchitecture},
title={{DAWG}: A Defense Against Cache Timing Attacks in Speculative Execution Processors},
pages={974-987},
doi={10.1109/MICRO.2018.00083},
}

@online{ARM:SpeculativeExecutionUpdate,
    author = {{ARM Holdings}},
    title = {{Speculative Processor Vulnerability – Arm Developer}},
    url = {https://developer.arm.com/support/arm-security-updates/speculative-processor-vulnerability},
    year = {2019},
    month= {2},
}

@online{AMD:SpeculativeExecutionUpdate,
    author = {{Advanced Micro Devices, Inc}},
    title = {{AMD Processor Security Updates | AMD}},
    url = {https://www.amd.com/en/corporate/security-updates},
    year = {2018},
    month= {8},
}

@online{Intel:SpeculativeExecutionUpdate,
    author = {{Intel Corporation}},
    title = {{Side Channel Methods – Analysis, News, and Updates}},
    url = {https://www.intel.com/content/www/us/en/architecture-and-technology/facts-about-side-channel-analysis-and-intel-products.html},
    year = {2018},
    month= {8},
}

@online{Amazon:AWSCustomers,
    author = {{Amazon Web Services, Inc}},
    title = {{Case Studies \& Customer Success - Amazon Web Services (AWS)}},
    url = {https://aws.amazon.com/solutions/case-studies/?hp=tile&tile=customerstories},
    year = {2019},
}

@online{DigitalFoundry:PatchingVid,
    author = {{DigitalFoundry}},
    title = {{Does Patching Meltdown/Spectre CPU Vulnerabilities Slow Down Your PC?}},
    date = {2018-01-10},
    url = {https://www.youtube.com/watch?v=LC1WuKdPVCQ}
}